@misc{oleg,
    author = "Oleg",
    title = "Tagless Final Operational Semantics",
    url = "http://okmij.org/ftp/tagless-final/index.html"
}