@book{ams157,
  author = {Tomasz Kaczynski and Konstantin Mischaikow and Marian Mrozek},
  title = {Computational Homology},
  year = {2004},
  series = {Applied Mathematical Sciences},
  volume = {157},
  isbn = {0-387-40853-3},
  pages = {xvii, 480},
  publisher = {Springer},
  address = {New York}
}
@book{edelsbrunner2010,
  author = {Edelsbrunner, Herbert and Harer, John L.},
  title = {Computational Topology: An Introduction},
  year = 2010,
  isbn = {978-0-8218-4925-5},
  pages = {xii, 241},
  publisher = {American Mathematical Society},
  address = {Providence, RI}
}
@misc{wiki:homology,
  author = "{Wikipedia contributors}",
  title = "Homology (mathematics) --- {Wikipedia}{,} The Free Encyclopedia",
  year = 2018,
  howpublished = "\url{https://en.wikipedia.org/w/index.php?title=Homology_(mathematics)&oldid=838664321}",
  note = "[Online; accessed 23-August-2018]"
}
@techreport{edelsbrunner2013,
  author = "Herbert Edelsbrunner and Dimitry Morozov",
  title = "Persistent Homology: Theory and Practice",
  year = 2013,
  institution = "Lawrence Berkeley National Laboratory",
  howpublished = "\url{https://escholarship.org/uc/item/2h33d90r}"
}
@article{arXiv:1809.03624,
  author = {Perea, Jose A.},
  title = "{A Brief History of Persistence}",
  year = 2018,
  archivePrefix = "arXiv",
  eprint = {1809.03624},
  primaryClass = "math.AT"
}
@article{arXiv:1807.08607,
  author = {{D{\l}otko}, Pawe{\l}},
  title = "{Computational and applied topology, tutorial}",
  year = 2018,
  archivePrefix = "arXiv",
  eprint = {1807.08607},
  primaryClass = "cs.MS"
}
