@paper{sf2019,
title="Selective Applicative Functors",
author = "Andrey Mokhov and Georgy Lukyanov and Simon Marlow and Jeremie Dimino",
year = {2019}
}
@misc{blog,
title = "Selective applicative functors",
author = "Andrey Mokhov",
year = {2018},
howpublished = "\url{https://blogs.ncl.ac.uk/andreymokhov/selective/}"
}
@misc{haskell,
title = "{selective} - Haskell implementation",
author = "Andrey Mokhov",
howpublished = "\url{https://github.com/snowleopard/selective/}"
}
@misc{ocaml,
title = "{selective}",
author = "Andrey Mokhov and Jeremie Dimino",
howpublished = "\url{https://github.com/snowleopard/selective-ocaml/}"
}
@misc{coq,
title  = "{selective} {Coq} theory",
author = "Georgy Lukyanov and Andrey Mokhov",
howpublished = "\url{https://github.com/tuura/selective-theory-coq/}"
}