@book{ams157,
  author = {Tomasz Kaczynski and Konstantin Mischaikow and Marian Mrozek},
  title = {Computational Homology},
  year = {2004},
  series = {Applied Mathematical Sciences},
  volume = {157},
  isbn = {0-387-40853-3},
  pages = {I-XVII, 1-480},
  publisher = {Springer},
  address = {New York}
}
@book{books/daglib/0025666,
  author = {Edelsbrunner, Herbert and Harer, John},
  title = {Computational Topology: An Introduction},
  year = 2010,
  isbn = {978-0-8218-4925-5},
  pages = {I-XII, 1-241},
  publisher = {American Mathematical Society},
  timestamp = {2011-04-29T15:26:06.000+0200},
}
@misc{wiki:homology,
  author = "{Wikipedia contributors}",
  title = "Homology (mathematics) --- {Wikipedia}{,} The Free Encyclopedia",
  year = "2018",
  howpublished = "\url{https://en.wikipedia.org/w/index.php?title=Homology_(mathematics)&oldid=838664321}",
  note = "[Online; accessed 23-August-2018]"
}