@unpublished{talk,
title = {Propositions and Cognitive Relations},
author = {Nicholas Jones},
day = 18,
month = 2,
year = 2019
}
