@misc{csu:mth309,
  author = "Philip Charlton",
  title = "{MTH309}: Principles of Operations Research",
  howpublished = "Lecture notes",
  location = "Charles Sturt University",
  month = "February -- June",
  year = 2017
}
