@book{awodey,
    author = {Steve Awodey},
    title = {Category Theory},
    edition = {2},
    publisher = {Oxford University Press},
    series = {Oxford Logic Guides},
    volume = 52,
    year = 2010,
    isbn = {978-0-19-923718-0}
}
@book{arv,
    author = {J. Ad\'amek and J. Rosick\'y and E. M. Vitale},
    title = {Algebraic Theories},
    publisher = {Cambridge Univerity Press},
    series = {Cambridge Tracts in Mathematics},
    volume = 184,
    year = 2011,
    isbn = {978-0-521-11922-1}
}
@book{leinster,
    author = {Tom Leinster},
    title = {Basic Category Theory},
    publisher = {Cambridge University Press},
    year = 2014,
    series = {Cambridge studies in advanced mathematics},
    volume = 143,
    isbn = {978-1-107-04424-1}
}
@book{simmons,
    title = {An Introduction to Category Theory},
    author = {Harold Simmons},
    publisher = {Cambridge University Press},
    year = 2011,
    isbn = {978-0-521-28304-5}
}