@article{next700,
title = "The next 700 Krivine Machines",
authors = "R\'emi Douence and Pascal Fradet",
journal = "Higher-Order and Symbolic Computation",
publisher = "Springer Verlag",
year = 2007,
volume = 20,
number = 3,
pages = "pp. 237--255"
}