@misc{sangria,
  author = "{The Sangria project contributors}",
  title = "Sangria - {Scala} {GraphQL} Implementation",
  year = "2015",
  howpublished = "\url{https://sangria-graphql.org/}",
  note = "Online; accessed 16 October 2018"
}
@misc{how-to-graphql,
  author = "Mariusz Nosi{\'n}ski",
  title = "How to {GraphQL}",
  year = "2017",
  howpublished = "\url{https://www.howtographql.com/graphql-scala/0-introduction/}",
  note = "Online; accessed 16 October 2018"
}
@misc{graphql,
  author = "{Facebook}",
  title = "{GraphQL}",
  year = "2015",
  howpublished = "\url{https://graphql.org/}",
  note = "Online; accessed 16 October 2018"
}