@misc{cloudflare,
  title = "{BPF - the forgotten bytecode}",
  author = "Marek Majkowski",
  type = "Blog",
  number = {21 May},
  year = {2014},
  url="https://blog.cloudflare.com/bpf-the-forgotten-bytecode/"
}
@misc{filter.txt,
  title = "{Linux Socket Filtering aka Berkeley Packet Filter (BPF)}",
  author = "Jay Schulist and Daniel Borkmann and Alexei Starovoitov",
  howpublished = "Linux kernel documentation",
  url = "https://www.kernel.org/doc/Documentation/networking/filter.txt"
}
@misc{seccomp,
  title = "{SECure COMPuting with filters}",
  author = "{Linux contributors}",
  howpublished = "Linux kernel documentation",
  url = "https://www.kernel.org/doc/Documentation/prctl/seccomp_filter.txt"
}
@misc{wiki:bpf,
  author = "{Wikipedia contributors}",
  title = "Berkeley Packet Filter --- {Wikipedia}{,} The Free Encyclopedia",
  year = "2018",
  url = "https://en.wikipedia.org/w/index.php?title=Berkeley_Packet_Filter&oldid=863701867",
}
@misc{bpf.4,
  author = "Steven McCanne and Van Jacobson",
  title = "{BPF(4)}",
  series = "{BSD} Kernel Interfaces Manual"
}
@misc{bpf.2,
  author = "{Linux man-pages project}",
  title = "{BPF(2)}",
  series = "Linux Programmer's Manual",
  url  = "http://man7.org/linux/man-pages/man2/bpf.2.html"
}
@misc{seccomp.2,
  author = "{Linux man-pages project}",
  title = "{SECCOMP(2)}",
  series = "Linux Programmer's Manual",
  url = "http://man7.org/linux/man-pages/man2/seccomp.2.html"
}
@inproceedings{McCanne:1993:BPF:1267303.1267305,
 author = {Steven McCanne and Van Jacobson},
 title = {The {BSD Packet Filter}: A New Architecture for User-level Packet Capture},
 series = {USENIX'93},
 year = {1993},
 location = {San Diego, California},
 publisher = {USENIX Association},
 address = {Berkeley, CA, USA},
} 