@misc{field-guide,
 author = {Kmett, Edward A.},
 title = {Recursion Schemes: A Field Guide (Redux)},
 journal = {The Comonad.Reader},
 type = {Blog},
 number = {11 June},
 year = {2009},
 howpublished = {\url{http://comonad.com/reader/2009/recursion-schemes/}}
}

@software{haskell,
  author = {Edward A. Kmett and contributors},
  title = {recursion-schemes: Generalized bananas, lenses and barbed wire},
  url = {https://hackage.haskell.org/package/recursion-schemes},
  version = {5.0.3},
  date = {2018-07-01},
}

@inproceedings{Meijer:1991:FPB:645420.652535,
 author = {Meijer, Erik and Fokkinga, Maarten M. and Paterson, Ross},
 title = {Functional Programming with Bananas, Lenses, Envelopes and Barbed Wire},
 booktitle = {Proceedings of the 5th ACM Conference on Functional Programming Languages and Computer Architecture},
 year = {1991},
 pages = {124--144},
 numpages = {21},
 publisher = {Springer-Verlag},
 address = {Berlin, Heidelberg},
} 
