@article{DBLP:journals/corr/CohenCHM16,
  author    = {Cyril Cohen and
               Thierry Coquand and
               Simon Huber and
               Anders M{\"{o}}rtberg},
  title     = {Cubical Type Theory: a constructive interpretation of the univalence
               axiom},
  journal   = {CoRR},
  volume    = {abs/1611.02108},
  year      = {2016},
  url       = {http://arxiv.org/abs/1611.02108},
  archivePrefix = {arXiv},
  eprint    = {1611.02108},
  timestamp = {Wed, 07 Jun 2017 14:41:32 +0200},
  biburl    = {http://dblp.org/rec/bib/journals/corr/CohenCHM16},
  bibsource = {dblp computer science bibliography, http://dblp.org}
}
