@misc{wiki:qt,
  author = "{Wikipedia contributors}",
  title = "Queueing theory --- {Wikipedia}{,} The Free Encyclopedia",
  year = "2018",
  url = "https://en.wikipedia.org/w/index.php?title=Queueing_theory&oldid=854066222",
  note = "[Online; accessed 11-September-2018]"
}
@misc{csu:mth309,
  author = "Philip Charlton",
  title = "{MTH309}: Principles of Operations Research",
  howpublished = "Lecture notes from Charles Sturt University",
  month = "February -- June",
  year = 2017
}
@book{taylor,
  author = "Bernard W. {Taylor III}",
  title = "Introduction to Management Science",
  edition = {12},
  isbn = "9781292092911",
  year = 2015,
  publisher = "Pearson Higher Education"
}